@inproceedings{Jagerman:FYOPES2014,
  title = {The fifteen year struggle of decentralizing privacy-enhancing technology}, 
  author = {Rolf Jagerman, Wendo Sab√©e, Laurens Versluis and Martijn de Vos},  
  year = {2014}, 
  location = {Delft, The Netherlands}, 
  www_tags = {anonymous, privacy, decentralized, tor}, 
  www_pdf_url = {https://github.com/rjagerman/ANON/releases/download/final-version-ieeestyle/the-fifteen-year-struggle-of-decentralizing-privacy-enhancing-technology-20140410-final.pdf}, 
  www_section = {Anonymous communication}, 
}