%% This BibTeX bibliography file was created using BibDesk.
%% http://bibdesk.sourceforge.net/


%% Created for Martijn de Vos at 2014-02-25 11:25:57 +0100 


%% Saved with string encoding Unicode (UTF-8) 



@inproceedings{goldschlag1996hiding,
  title={Hiding routing information},
  author={Goldschlag, David M and Reed, Michael G and Syverson, Paul F},
  booktitle={Information Hiding},
  pages={137--150},
  year={1996},
  organization={Springer}
}

@techreport{dingledine2004tor,
  title={Tor: The second-generation onion router},
  author={Dingledine, Roger and Mathewson, Nick and Syverson, Paul},
  year={2004},
  institution={DTIC Document}
}

@inproceedings{mccoy2008shining,
  title={Shining light in dark places: Understanding the Tor network},
  author={McCoy, Damon and Bauer, Kevin and Grunwald, Dirk and Kohno, Tadayoshi and Sicker, Douglas},
  booktitle={Privacy Enhancing Technologies},
  pages={63--76},
  year={2008},
  organization={Springer}
}