%% This BibTeX bibliography file was created using BibDesk.
%% http://bibdesk.sourceforge.net/

%% Saved with string encoding Unicode (UTF-8) 

@misc{tlsprotocol,
	author = {IETF},
	title = {The Transport Layer Security (TLS) Protocol}, 
	howpublished = {Available at http://tools.ietf.org/html/rfc5246} }

@misc{torprojectwebsite,
	author = {Tor Project website},
	title = {Tor Project: Anonimity Online}, 
	howpublished = {Available at http://torproject.org} }

@misc{diffiehellman,
	author = {IETF},
	title = {The Diffie-Hellman Key Agreement Method}, 
	howpublished = {Available at https://www.ietf.org/rfc/rfc2631.txt} }

@inproceedings{goldschlag1996hiding,
	Author = {Goldschlag, David M and Reed, Michael G and Syverson, Paul F},
	Booktitle = {Information Hiding},
	Organization = {Springer},
	Pages = {137--150},
	Title = {Hiding routing information},
	Year = {1996} }

@techreport{dingledine2004tor,
	Author = {Dingledine, Roger and Mathewson, Nick and Syverson, Paul},
	Institution = {DTIC Document},
	Title = {Tor: The second-generation onion router},
	Year = {2004} }

@inproceedings{mccoy2008shining,
	Author = {McCoy, Damon and Bauer, Kevin and Grunwald, Dirk and Kohno, Tadayoshi and Sicker, Douglas},
	Booktitle = {Privacy Enhancing Technologies},
	Organization = {Springer},
	Pages = {63--76},
	Title = {Shining light in dark places: Understanding the Tor network},
	Year = {2008} }

@article{dingledine2009performance,
	title = {Performance Improvements on Tor or, Why Tor is slow and what weâ€™re going to do about it},
	author = {Dingledine, Roger and Murdoch, Steven J},
	journal = {Online: http://www.torproject.org/press/presskit/2009-03-11-performance.pdf},
	year = {2009} }

@inproceedings{jansen13lira,
	title = {LIRA: Lightweight Incentivized Routing for Anonymity},
	author = {Jansen, Rob and Johnson, Aaron and Syverson, Paul} }

@inproceedings{abbott2007browser,
	title = {Browser-based attacks on Tor},
	author = {Abbott, Timothy G and Lai, Katherine J and Lieberman, Michael R and Price, Eric C},
	booktitle = {Privacy Enhancing Technologies},
	pages = {184--199},
	year = {2007},
	organization = {Springer} }

@incollection{dingledine2010building,
  title={Building incentives into Tor},
  author={Dingledine, Roger and Wallach, Dan S and others},
  booktitle={Financial Cryptography and Data Security},
  pages={238--256},
  year={2010},
  publisher={Springer}
}

@misc{rahman2009survey,
  title={A survey of incentive mechanisms in peer-to-peer systems},
  author={Rahman, Muntasir Raihan},
  journal={2009-12-05]. http://www. cs. uwaterloo, ca/research/tr/2009/CS-2009-22, pdf},
  year={2009},
  publisher={Citeseer}
}

@inproceedings{rowstron2001pastry,
  title={Pastry: Scalable, decentralized object location, and routing for large-scale peer-to-peer systems},
  author={Rowstron, Antony and Druschel, Peter},
  booktitle={Middleware 2001},
  pages={329--350},
  year={2001},
  organization={Springer}
}

@inproceedings{rennhard2002introducing,
  title={Introducing MorphMix: peer-to-peer based anonymous Internet usage with collusion detection},
  author={Rennhard, Marc and Plattner, Bernhard},
  booktitle={Proceedings of the 2002 ACM workshop on Privacy in the Electronic Society},
  pages={91--102},
  year={2002},
  organization={ACM}
}

@incollection{douceur2002sybil,
  title={The sybil attack},
  author={Douceur, John R},
  booktitle={Peer-to-peer Systems},
  pages={251--260},
  year={2002},
  publisher={Springer}
}

@inproceedings{bauer2007low,
  title={Low-resource routing attacks against tor},
  author={Bauer, Kevin and McCoy, Damon and Grunwald, Dirk and Kohno, Tadayoshi and Sicker, Douglas},
  booktitle={Proceedings of the 2007 ACM workshop on Privacy in electronic society},
  pages={11--20},
  year={2007},
  organization={ACM}
}

@inproceedings{panchenko2006nisan,
	Author = {Andriy Panchenko, Stefan Richter, Arne Rache},
	Booktitle = {NISAN: Network Information Service for Anonymization
	Networks},
	Year = {2006} }
